<?xml version="1.0" encoding="UTF-8"?><record xmlns="http://www.loc.gov/MARC21/slim" xmlns:cinclude="http://apache.org/cocoon/include/1.0" xmlns:zs="http://www.loc.gov/zing/srw/">
  <leader>00628nz  a2200169n  4500</leader>
  <controlfield tag="001">n  90676813 </controlfield>
  <controlfield tag="003">DLC</controlfield>
  <controlfield tag="005">19900801110940.5</controlfield>
  <controlfield tag="008">900801n| acannaab|          |a aaa |||  </controlfield>
  <datafield tag="010" ind1=" " ind2=" ">
    <subfield code="a">n  90676813 </subfield>
  </datafield>
  <datafield tag="040" ind1=" " ind2=" ">
    <subfield code="a">DLC</subfield>
    <subfield code="c">DLC</subfield>
    <subfield code="d">DLC</subfield>
  </datafield>
  <datafield tag="100" ind1="0" ind2="0">
    <subfield code="a">Guitar Slim,</subfield>
    <subfield code="d">1926-1959</subfield>
  </datafield>
  <datafield tag="400" ind1="1" ind2="0">
    <subfield code="a">Jones, Eddie,</subfield>
    <subfield code="d">1926-1959</subfield>
  </datafield>
  <datafield tag="400" ind1="1" ind2="0">
    <subfield code="a">Slim, Guitar,</subfield>
    <subfield code="d">1926-1959</subfield>
  </datafield>
  <datafield tag="400" ind1="1" ind2="0">
    <subfield code="a">Guitar, Slim,</subfield>
    <subfield code="d">1926-1959</subfield>
  </datafield>
  <datafield tag="670" ind1=" " ind2=" ">
    <subfield code="a">His Red Cadillacs &amp; crazy chicks, 1985?:</subfield>
    <subfield code="b">label (Guitar Slim) container (Eddie Jones, better known as Guitar Slim; d. 1959)</subfield>
  </datafield>
  <datafield tag="670" ind1=" " ind2=" ">
    <subfield code="a">Feather, L. Enc. of jazz</subfield>
    <subfield code="b">(Guitar, Slim (Eddie Jones), b. Greenwood, Miss., 12-10-26, d. NYC 2-7-59)</subfield>
  </datafield>
</record>